 @misc{WSDataUserGuide,
  title = {{Wind and Solar Plant Operator Data User's Guide}},
  author = {NY ISO},
  howpublished = {https://www.nyiso.com/documents/20142/3625950/Wind-and-Solar-Plant-UG.pdf}
  }
  
 @misc{WSDataUserGuide,
  title = {{Wind and Solar Plant Operator Data User's Guide}},
  author = {NY ISO},
  howpublished = {https://www.nyiso.com/documents/20142/3625950/Wind-and-Solar-Plant-UG.pdf}
  }