@article{Groves1973,
 title = {Incentives in Teams},
 author = {Theodore Groves},
 journal = {Econometrica},
 number = {4},
 pages = {617--631},
 publisher = {[Wiley, Econometric Society]},
 URL = {http://www.jstor.org/stable/1914085},
 volume = {41},
 year = {1973}
}

@article{Clarke1971,
 author = {Edward H. Clarke},
 journal = {Public Choice},
 pages = {17--33},
 publisher = {Springer},
 title = {Multipart Pricing of Public Goods},
 URL = {http://www.jstor.org/stable/30022651},
 volume = {11},
 year = {1971}
}

@article{Vickrey1961,
 author = {William Vickrey},
 journal = {The Journal of Finance},
 number = {1},
 pages = {8--37},
 publisher = {[American Finance Association, Wiley]},
 title = {Counterspeculation, Auctions, and Competitive Sealed Tenders},
 URL = {http://www.jstor.org/stable/2977633},
 volume = {16},
 year = {1961}
}

@article{GreenLaffont1977,
 author = {Jerry Green and Jean-Jacques Laffont},
 journal = {Econometrica},
 number = {2},
 pages = {427--438},
 publisher = {[Wiley, Econometric Society]},
 title = {Characterization of Satisfactory Mechanisms for the Revelation of Preferences for Public Goods},
 URL = {http://www.jstor.org/stable/1911219},
 volume = {45},
 year = {1977}
}

@article{Jehiel2006,
 author = {Philippe Jehiel and Moritz Meyer-ter-Vehn and Benny Moldovanu and William R. Zame},
 journal = {Econometrica},
 number = {3},
 pages = {585--610},
 publisher = {[Wiley, Econometric Society]},
 title = {The Limits of Ex Post Implementation},
 URL = {http://www.jstor.org/stable/4123095},
 volume = {74},
 year = {2006}
}



