
@article{brooks2022locational,
  title={A locational marginal price for frequency balancing operations in regulation markets},
  author={Brooks, Adria E and Lesieutre, Bernard C},
  journal={Applied Energy},
  volume={308},
  pages={118306},
  year={2022},
  publisher={Elsevier}
}

@article{o2005efficient,
  title={Efficient market-clearing prices in markets with nonconvexities},
  author={O'Neill, Richard P and Sotkiewicz, Paul M and Hobbs, Benjamin F and Rothkopf, Michael H and Stewart Jr, William R},
  journal={European journal of operational research},
  volume={164},
  number={1},
  pages={269--285},
  year={2005},
  publisher={Elsevier}
}

@ARTICLE{Dvorkin2020,
  author={Dvorkin, Yury},
  journal={IEEE Transactions on Power Systems}, 
  title={{A Chance-Constrained Stochastic Electricity Market}}, 
  year={2020},
  volume={35},
  number={4},
  pages={2993-3003},
  doi={https://doi.org/10.1109/TPWRS.2019.2961231}}
  
  @ARTICLE{Kuang2018,
  author={Kuang, Xiaolong and Dvorkin, Yury and Lamadrid, Alberto J. and Ortega-Vazquez, Miguel A. and Zuluaga, Luis F.},
  journal={IEEE Transactions on Power Systems}, 
  title={{Pricing Chance Constraints in Electricity Markets}}, 
  year={2018},
  volume={33},
  number={4},
  pages={4634-4636},
  doi={https://doig.org/10.1109/TEC.2018.2821922}}


@INPROCEEDINGS{Ratha2019,
  author={Ratha, Anubhav and Kazempour, Jalal and Virag, Ana and Pinson, Pierre},
  booktitle={2019 IEEE 58th Conference on Decision and Control (CDC)},
  title={{Exploring Market Properties of Policy-based Reserve Procurement for Power Systems}}, 
  year={2019},
  volume={},
  number={},
  pages={7498-7505},
  doi={https://doi.org/10.1109/CDC40024.2019.9029777}}
  
@article{ONeill2005,
title = {{Efficient Market-Clearing Prices in Markets with Nonconvexities}},
journal = {European Journal of Operational Research},
volume = {164},
number = {1},
pages = {269-285},
year = {2005},
issn = {0377-2217},
doi = {https://doi.org/10.1016/j.ejor.2003.12.011},
author = {Richard P. O'Neill and Paul M. Sotkiewicz and Benjamin F. Hobbs and Michael H. Rothkopf and William R. Stewart}
}

@ARTICLE{Roveto2020,
  author={Roveto, Matt and Mieth, Robert and Dvorkin, Yury},
  journal={IEEE Control Systems Letters}, 
  title={Co-Optimization of VaR and CVaR for Data-Driven Stochastic Demand Response Auction}, 
  year={2020},
  volume={4},
  number={4},
  pages={940-945},
  doi={https://doi.org/10.1109/LCSYS.2020.2997259}}
  
@ARTICLE{Mieth2021,
  author={Mieth, Robert and Roveto, Matt and Dvorkin, Yury},
  journal={IEEE Control Systems Letters}, 
  title={{Risk Trading in a Chance-Constrained Stochastic Electricity Market}}, 
  year={2021},
  volume={5},
  number={1},
  pages={199-204},
  doi={https://doi.org/10.1109/LCSYS.2020.3000188}}
  
  @misc{SMER2022,
  title = {{Stochastic Market Experiments Repository}},
  author = {Mathias Berger},
  howpublished = {https://https://github.com/MathiasPBerger/Stochastic-Market-Experiments}
  }
  
@article{Xie2018,
author={Xie, Weijun and Ahmed, Shabbir},
journal={IEEE Transactions on Power Systems},
title={Distributionally Robust Chance Constrained Optimal Power Flow with Renewables: A Conic Reformulation}, 
year={2018},
volume={33},
number={2},
pages={1860-1867},
doi={10.1109/TPWRS.2017.2725581}}

@article{DvorkinV2019,
title = {{Electricity Market Equilibrium under Information Asymmetry}},
journal = {Operations Research Letters},
volume = {47},
number = {6},
pages = {521-526},
year = {2019},
issn = {0167-6377},
doi = {https://doi.org/10.1016/j.orl.2019.09.005},
author = {Vladimir Dvorkin and Jalal Kazempour and Pierre Pinson},
}


  
  
